<?xml version="1.0" encoding="UTF-8"?><collection xmlns="http://www.loc.gov/MARC21/slim"><record><leader>00389nam--2200133-i-4500</leader><controlfield tag="001">000004505</controlfield><controlfield tag="002">20161230</controlfield><controlfield tag="005">20161230201025</controlfield><controlfield tag="008">060222s1000------------r-----000-0-eng-d</controlfield><datafield ind1=" " ind2=" " tag="080"><subfield code="a">624.05</subfield></datafield><datafield ind1=" " ind2=" " tag="100"><subfield code="a">Bortnovski, V.V</subfield></datafield><datafield ind1=" " ind2=" " tag="245"><subfield code="a">Indrumator pentru efectuarea masuratorilor la lucrarile de constructii civile si industriale</subfield></datafield><datafield ind1=" " ind2=" " tag="260"><subfield code="a">Bucuresti, Editura Tehnica, 1958, 70 P</subfield></datafield><datafield ind1=" " ind2=" " tag="852"><subfield code="a">5890</subfield></datafield></record></collection>